
    <marc:record>
        <marc:leader>03835nab a2200577 u 4500</marc:leader>
        <marc:controlfield tag="001">9916253451307426</marc:controlfield>
        <marc:controlfield tag="005">20221118040146.0</marc:controlfield>
        <marc:controlfield tag="008">200601e202007  xx |||||o|||||||||||eng||</marc:controlfield>
        <marc:datafield tag="016" ind1="7" ind2=" ">
            <marc:subfield code="a">IND606884019</marc:subfield>
            <marc:subfield code="2">DNAL</marc:subfield>
        </marc:datafield>
        <marc:datafield tag="024" ind1="7" ind2=" ">
            <marc:subfield code="a">10.1016/j.gloplacha.2020.103190</marc:subfield>
            <marc:subfield code="2">doi</marc:subfield>
        </marc:datafield>
        <marc:datafield tag="035" ind1=" " ind2=" ">
            <marc:subfield code="a">agid:6884019-01nal_inst</marc:subfield>
        </marc:datafield>
        <marc:datafield tag="040" ind1=" " ind2=" ">
            <marc:subfield code="a">AGL</marc:subfield>
            <marc:subfield code="b">eng</marc:subfield>
            <marc:subfield code="c">AGL</marc:subfield>
        </marc:datafield>
        <marc:datafield tag="100" ind1="1" ind2=" ">
            <marc:subfield code="a">Ruela, R.</marc:subfield>
            <marc:subfield code="e">author</marc:subfield>
            <marc:subfield code="u">CESAM, Departamento de Física, Universidade de Aveiro, Portugal</marc:subfield>
        </marc:datafield>
        <marc:datafield tag="245" ind1="1" ind2="0">
            <marc:subfield code="a">Global and regional evolution of sea surface temperature under climate change</marc:subfield>
        </marc:datafield>
        <marc:datafield tag="520" ind1=" " ind2=" ">
            <marc:subfield code="a">Sea surface temperature (SST) has important local and remote influence on global climate through the distribution and transport of heat and moisture, which in turn affect precipitation and air temperature patterns across the globe. Thus, this work aims to assess the worldwide regionalization of the SST evolution for the 21ˢᵗ century under the influence of climate change by means of: 1) division of the worldwide SST data in regions applying a K-means cluster procedure and validation of the most suitable CMIP5 models by a comparative analysis with SST data from Era-Interim reanalysis; 2) calculation of SST trends along the 21ˢᵗ century and assessment of future SST differences between RCP 4.5 and RCP 8.5 greenhouse gas emission scenarios and historical SST data. Global climate model (GCM) projections show a SST warming worldwide although with different intensity depending on the region. Northern Hemisphere regions present a higher seasonal thermal amplitude comparing with equivalent regions in the Southern Hemisphere. Northern Hemisphere has also a higher annual SST increment than clusters in the Southern Hemisphere, independently of the future time period and climate scenario. The Northern Sub-Tropical cluster (STRN) shows the highest significant increment (4.34 °C on RCP 8.5). Under the RCP 4.5 climate scenario, SST trends from 1975 to 2100 range from 0.075 °C dec⁻¹ at South Polar cluster (PRS) to 0.21 °C dec⁻¹ at STRN cluster. Relatively to RCP 8.5 climatic scenario, SST trends change from 0.13 °C dec⁻¹ at PRS cluster to 0.36 °C dec⁻¹ at the North Polar cluster (PRN).</marc:subfield>
        </marc:datafield>
        <marc:datafield tag="592" ind1=" " ind2=" ">
            <marc:subfield code="a">Publisher supplied data</marc:subfield>
        </marc:datafield>
        <marc:datafield tag="593" ind1=" " ind2=" ">
            <marc:subfield code="a">PubAg article</marc:subfield>
        </marc:datafield>
        <marc:datafield tag="650" ind1=" " ind2="3">
            <marc:subfield code="a">air temperature</marc:subfield>
        </marc:datafield>
        <marc:datafield tag="650" ind1=" " ind2="3">
            <marc:subfield code="a">climate</marc:subfield>
        </marc:datafield>
        <marc:datafield tag="650" ind1=" " ind2="3">
            <marc:subfield code="a">climate change</marc:subfield>
        </marc:datafield>
        <marc:datafield tag="650" ind1=" " ind2="3">
            <marc:subfield code="a">climate models</marc:subfield>
        </marc:datafield>
        <marc:datafield tag="650" ind1=" " ind2="3">
            <marc:subfield code="a">greenhouse gas emissions</marc:subfield>
        </marc:datafield>
        <marc:datafield tag="650" ind1=" " ind2="3">
            <marc:subfield code="a">heat</marc:subfield>
        </marc:datafield>
        <marc:datafield tag="650" ind1=" " ind2="3">
            <marc:subfield code="a">surface water temperature</marc:subfield>
        </marc:datafield>
        <marc:datafield tag="653" ind1=" " ind2="0">
            <marc:subfield code="a">SST variability</marc:subfield>
        </marc:datafield>
        <marc:datafield tag="653" ind1=" " ind2="0">
            <marc:subfield code="a">CMIP5</marc:subfield>
        </marc:datafield>
        <marc:datafield tag="653" ind1=" " ind2="0">
            <marc:subfield code="a">Global warming</marc:subfield>
        </marc:datafield>
        <marc:datafield tag="653" ind1=" " ind2="0">
            <marc:subfield code="a">K-means cluster</marc:subfield>
        </marc:datafield>
        <marc:datafield tag="700" ind1="1" ind2=" ">
            <marc:subfield code="a">Sousa, M.C.</marc:subfield>
            <marc:subfield code="e">author</marc:subfield>
            <marc:subfield code="u">CESAM, Departamento de Física, Universidade de Aveiro, Portugal</marc:subfield>
        </marc:datafield>
        <marc:datafield tag="700" ind1="1" ind2=" ">
            <marc:subfield code="a">deCastro, M.</marc:subfield>
            <marc:subfield code="e">author</marc:subfield>
            <marc:subfield code="u">Environmental Physics Laboratiry (EphysLab), CIM-UVIGO, Universidade de Vigo, Edificio Campus da Auga, 32004 Ourense, Spain</marc:subfield>
        </marc:datafield>
        <marc:datafield tag="700" ind1="1" ind2=" ">
            <marc:subfield code="a">Dias, J.M.</marc:subfield>
            <marc:subfield code="e">author</marc:subfield>
            <marc:subfield code="u">CESAM, Departamento de Física, Universidade de Aveiro, Portugal</marc:subfield>
        </marc:datafield>
        <marc:datafield tag="773" ind1="0" ind2=" ">
            <marc:subfield code="t">Global and planetary change.</marc:subfield>
            <marc:subfield code="g">2020 July, v. 190 p.103190-</marc:subfield>
            <marc:subfield code="d">Elsevier B.V.</marc:subfield>
            <marc:subfield code="w">Journal:12406</marc:subfield>
            <marc:subfield code="x">0921-8181</marc:subfield>
            <marc:subfield code="7">nnas</marc:subfield>
        </marc:datafield>
        <marc:datafield tag="787" ind1="1" ind2=" ">
            <marc:subfield code="o">islandora_article_repository</marc:subfield>
        </marc:datafield>
        <marc:datafield tag="787" ind1="1" ind2=" ">
            <marc:subfield code="o">product_pubag</marc:subfield>
        </marc:datafield>
        <marc:datafield tag="787" ind1="1" ind2=" ">
            <marc:subfield code="o">(Journal)12406</marc:subfield>
        </marc:datafield>
        <marc:datafield tag="856" ind1="4" ind2="0">
            <marc:subfield code="u">https://dx.doi.org/10.1016/j.gloplacha.2020.103190</marc:subfield>
            <marc:subfield code="3">Available from publisher's site</marc:subfield>
        </marc:datafield>
        <marc:datafield tag="912" ind1=" " ind2=" ">
            <marc:subfield code="a">Article</marc:subfield>
        </marc:datafield>
        <marc:datafield tag="914" ind1=" " ind2=" ">
            <marc:subfield code="a">Journal:12406</marc:subfield>
            <marc:subfield code="b">0921-8181</marc:subfield>
            <marc:subfield code="e">103190</marc:subfield>
        </marc:datafield>
        <marc:datafield tag="914" ind1=" " ind2=" ">
            <marc:subfield code="f">Global and planetary change</marc:subfield>
        </marc:datafield>
        <marc:datafield tag="916" ind1=" " ind2=" ">
            <marc:subfield code="a">Batch:2469</marc:subfield>
        </marc:datafield>
        <marc:datafield tag="917" ind1=" " ind2=" ">
            <marc:subfield code="a">issued</marc:subfield>
        </marc:datafield>
        <marc:datafield tag="918" ind1="2" ind2=" ">
            <marc:subfield code="a">Elsevier Consyn</marc:subfield>
            <marc:subfield code="e">provider</marc:subfield>
            <marc:subfield code="5">DNAL</marc:subfield>
        </marc:datafield>
        <marc:datafield tag="935" ind1=" " ind2=" ">
            <marc:subfield code="a">IND606884019</marc:subfield>
            <marc:subfield code="9">ExL</marc:subfield>
        </marc:datafield>
        <marc:datafield tag="949" ind1=" " ind2=" ">
            <marc:subfield code="a">2020-05-15</marc:subfield>
        </marc:datafield>
        <marc:datafield tag="953" ind1=" " ind2=" ">
            <marc:subfield code="a">/data/metadata/incoming/consyn/181312169130961219-00003-HEAD-ONLY-NEW CONSYN ISSNS.zip</marc:subfield>
        </marc:datafield>
        <marc:datafield tag="954" ind1=" " ind2=" ">
            <marc:subfield code="a">file:/data/metadata/staging/consyn/S0921818120300813.xml</marc:subfield>
        </marc:datafield>
        <marc:datafield tag="955" ind1=" " ind2=" ">
            <marc:subfield code="a">/data/metadata/staging/consyn/</marc:subfield>
        </marc:datafield>
        <marc:datafield tag="961" ind1=" " ind2=" ">
            <marc:subfield code="a">USDA/DA</marc:subfield>
        </marc:datafield>
        <marc:datafield tag="974" ind1=" " ind2=" ">
            <marc:subfield code="a">agid:6884019</marc:subfield>
        </marc:datafield>
        <marc:datafield tag="983" ind1=" " ind2=" ">
            <marc:subfield code="a">2020-06-01</marc:subfield>
        </marc:datafield>
        <marc:datafield tag="984" ind1=" " ind2=" ">
            <marc:subfield code="a">2020-06-01</marc:subfield>
        </marc:datafield>
    </marc:record>