
    <marc:record>
        <marc:leader>04786nab a2200661 u 4500</marc:leader>
        <marc:controlfield tag="001">9916261571307426</marc:controlfield>
        <marc:controlfield tag="005">20221118040501.0</marc:controlfield>
        <marc:controlfield tag="008">220811e201807  xx |||||o|||||||||||eng||</marc:controlfield>
        <marc:datafield tag="016" ind1="7" ind2=" ">
            <marc:subfield code="a">IND606664836</marc:subfield>
            <marc:subfield code="2">DNAL</marc:subfield>
        </marc:datafield>
        <marc:datafield tag="024" ind1="7" ind2=" ">
            <marc:subfield code="a">10.2134/jeq2017.07.0291</marc:subfield>
            <marc:subfield code="2">doi</marc:subfield>
        </marc:datafield>
        <marc:datafield tag="035" ind1=" " ind2=" ">
            <marc:subfield code="a">agid:6664836-01nal_inst</marc:subfield>
        </marc:datafield>
        <marc:datafield tag="040" ind1=" " ind2=" ">
            <marc:subfield code="a">AGL</marc:subfield>
            <marc:subfield code="b">eng</marc:subfield>
            <marc:subfield code="c">AGL</marc:subfield>
        </marc:datafield>
        <marc:datafield tag="100" ind1="1" ind2=" ">
            <marc:subfield code="a">Cavigelli, M. A.</marc:subfield>
            <marc:subfield code="e">author</marc:subfield>
            <marc:subfield code="u">USDA‐ARS, Sustainable Agricultural Systems Laboratory, 10300 Baltimore Ave., Beltsville, MD, 20705</marc:subfield>
        </marc:datafield>
        <marc:datafield tag="245" ind1="1" ind2="0">
            <marc:subfield code="a">Simulated Soil Organic Carbon Changes in Maryland Are Affected by Tillage, Climate Change, and Crop Yield</marc:subfield>
        </marc:datafield>
        <marc:datafield tag="300" ind1=" " ind2=" ">
            <marc:subfield code="a">p. 588-595.</marc:subfield>
        </marc:datafield>
        <marc:datafield tag="500" ind1=" " ind2=" ">
            <marc:subfield code="a">JOURNAL ARTICLE</marc:subfield>
        </marc:datafield>
        <marc:datafield tag="500" ind1=" " ind2=" ">
            <marc:subfield code="a">epub</marc:subfield>
        </marc:datafield>
        <marc:datafield tag="520" ind1=" " ind2=" ">
            <marc:subfield code="a">The impact of climate change on soil organic C (SOC) stocks in no‐till (NT) and conventionally tilled (CT) agricultural systems is poorly understood. The objective of this study was to simulate the impact of projected climate change on SOC to 50‐cm soil depth for grain cropping systems in the southern Mid‐Atlantic region of the United States. We used SOC and other data from the long‐term Farming Systems Project in Beltsville, MD, and CQESTR, a process‐based soil C model, to predict the impact of cropping systems and climate (air temperature and precipitation) on SOC for a 40‐yr period (2012–2052). Since future crop yields are uncertain, we simulated five scenarios with differing yield levels (crop yields from 1996–2014, and at 10 or 30% greater or lesser than these yields). Without change in climate or crop yields (baseline conditions) CQESTR predicted an increase in SOC of 0.014 and 0.021 Mg ha⁻¹ yr⁻¹ in CT and NT, respectively. Predicted climate change alone resulted in an SOC increase of only 0.002 Mg ha⁻¹ yr⁻¹ in NT and a decrease of 0.017 Mg ha⁻¹ yr⁻¹ in CT. Crop yield declines of 10 and 30% led to SOC decreases between 2 and 8% compared with 2012 levels. Increasing crop yield by 10 and 30% was sufficient to raise SOC 2 and 7%, respectively, above the climate‐only scenario under both CT and NT between 2012 and 2052. Results indicate that under these simulated conditions, the negative impact of climate change on SOC levels could be mitigated by crop yield increases. CORE IDEAS: Soil organic C was greater in a no‐till than a conventional tillage system. CQESTR model‐simulated soil organic C increased under both systems. CQESTR‐simulated soil organic C decreased under climate change. Simulated soil organic C decreased under climate change when yields were reduced. Simulated soil organic C increased under climate change when yields were increased.</marc:subfield>
        </marc:datafield>
        <marc:datafield tag="592" ind1=" " ind2=" ">
            <marc:subfield code="a">Publisher supplied data</marc:subfield>
        </marc:datafield>
        <marc:datafield tag="593" ind1=" " ind2=" ">
            <marc:subfield code="a">PubAg article</marc:subfield>
        </marc:datafield>
        <marc:datafield tag="650" ind1=" " ind2="3">
            <marc:subfield code="a">air temperature</marc:subfield>
        </marc:datafield>
        <marc:datafield tag="650" ind1=" " ind2="3">
            <marc:subfield code="a">climate</marc:subfield>
        </marc:datafield>
        <marc:datafield tag="650" ind1=" " ind2="3">
            <marc:subfield code="a">climate change</marc:subfield>
        </marc:datafield>
        <marc:datafield tag="650" ind1=" " ind2="3">
            <marc:subfield code="a">crop yield</marc:subfield>
        </marc:datafield>
        <marc:datafield tag="650" ind1=" " ind2="3">
            <marc:subfield code="a">cropping systems</marc:subfield>
        </marc:datafield>
        <marc:datafield tag="650" ind1=" " ind2="3">
            <marc:subfield code="a">farming systems</marc:subfield>
        </marc:datafield>
        <marc:datafield tag="650" ind1=" " ind2="3">
            <marc:subfield code="a">models</marc:subfield>
        </marc:datafield>
        <marc:datafield tag="650" ind1=" " ind2="3">
            <marc:subfield code="a">no-tillage</marc:subfield>
        </marc:datafield>
        <marc:datafield tag="650" ind1=" " ind2="3">
            <marc:subfield code="a">soil depth</marc:subfield>
        </marc:datafield>
        <marc:datafield tag="650" ind1=" " ind2="3">
            <marc:subfield code="a">soil organic carbon</marc:subfield>
        </marc:datafield>
        <marc:datafield tag="651" ind1=" " ind2="3">
            <marc:subfield code="a">Maryland</marc:subfield>
        </marc:datafield>
        <marc:datafield tag="651" ind1=" " ind2="3">
            <marc:subfield code="a">Mid-Atlantic region</marc:subfield>
        </marc:datafield>
        <marc:datafield tag="700" ind1="1" ind2=" ">
            <marc:subfield code="a">Nash, P. R.</marc:subfield>
            <marc:subfield code="e">author</marc:subfield>
            <marc:subfield code="u">USDA‐ARS, Cropping Systems &amp; Water Quality Research Unit, Room 269, Agricultural Engineering, Univ. of Missouri, Columbia, MO, 65211</marc:subfield>
        </marc:datafield>
        <marc:datafield tag="700" ind1="1" ind2=" ">
            <marc:subfield code="a">Gollany, H. T.</marc:subfield>
            <marc:subfield code="e">author</marc:subfield>
            <marc:subfield code="u">USDA‐ARS, 48037 Tubbs Ranch Rd., Adams, OR, 97810</marc:subfield>
        </marc:datafield>
        <marc:datafield tag="700" ind1="1" ind2=" ">
            <marc:subfield code="a">Rasmann, C.</marc:subfield>
            <marc:subfield code="e">author</marc:subfield>
            <marc:subfield code="u">USDA‐ARS, Sustainable Agricultural Systems Laboratory, 10300 Baltimore Ave., Beltsville, MD, 20705</marc:subfield>
        </marc:datafield>
        <marc:datafield tag="700" ind1="1" ind2=" ">
            <marc:subfield code="a">Polumsky, R. W.</marc:subfield>
            <marc:subfield code="e">author</marc:subfield>
            <marc:subfield code="u">USDA‐ARS, 48037 Tubbs Ranch Rd., Adams, OR, 97810</marc:subfield>
        </marc:datafield>
        <marc:datafield tag="700" ind1="1" ind2=" ">
            <marc:subfield code="a">Le, A. N.</marc:subfield>
            <marc:subfield code="e">author</marc:subfield>
            <marc:subfield code="u">USDA‐ARS, Sustainable Agricultural Systems Laboratory, 10300 Baltimore Ave., Beltsville, MD, 20705</marc:subfield>
        </marc:datafield>
        <marc:datafield tag="700" ind1="1" ind2=" ">
            <marc:subfield code="a">Conklin, A. E.</marc:subfield>
            <marc:subfield code="e">author</marc:subfield>
            <marc:subfield code="u">USDA‐ARS, Sustainable Agricultural Systems Laboratory, 10300 Baltimore Ave., Beltsville, MD, 20705</marc:subfield>
        </marc:datafield>
        <marc:datafield tag="773" ind1="0" ind2=" ">
            <marc:subfield code="t">Journal of environmental quality.</marc:subfield>
            <marc:subfield code="g">2018 July, v. 47, no. 4 p.588-595</marc:subfield>
            <marc:subfield code="d">The American Society of Agronomy, Crop Science Society of America, and Soil Science Society of America, Inc.</marc:subfield>
            <marc:subfield code="w">Journal:jnl1642</marc:subfield>
            <marc:subfield code="x">0047-2425</marc:subfield>
            <marc:subfield code="7">nnas</marc:subfield>
        </marc:datafield>
        <marc:datafield tag="787" ind1="1" ind2=" ">
            <marc:subfield code="o">islandora_article_repository</marc:subfield>
        </marc:datafield>
        <marc:datafield tag="787" ind1="1" ind2=" ">
            <marc:subfield code="o">product_pubag</marc:subfield>
        </marc:datafield>
        <marc:datafield tag="787" ind1="1" ind2=" ">
            <marc:subfield code="o">(Journal)jnl1642</marc:subfield>
        </marc:datafield>
        <marc:datafield tag="856" ind1="4" ind2="0">
            <marc:subfield code="u">https://dx.doi.org/10.2134/jeq2017.07.0291</marc:subfield>
            <marc:subfield code="3">Available from publisher's site</marc:subfield>
        </marc:datafield>
        <marc:datafield tag="912" ind1=" " ind2=" ">
            <marc:subfield code="a">Article</marc:subfield>
        </marc:datafield>
        <marc:datafield tag="914" ind1=" " ind2=" ">
            <marc:subfield code="a">Journal:jnl1642</marc:subfield>
            <marc:subfield code="b">0047-2425</marc:subfield>
            <marc:subfield code="c">47</marc:subfield>
            <marc:subfield code="d">4</marc:subfield>
            <marc:subfield code="e">588</marc:subfield>
        </marc:datafield>
        <marc:datafield tag="914" ind1=" " ind2=" ">
            <marc:subfield code="f">Journal of environmental quality</marc:subfield>
        </marc:datafield>
        <marc:datafield tag="916" ind1=" " ind2=" ">
            <marc:subfield code="a">Batch:2360</marc:subfield>
        </marc:datafield>
        <marc:datafield tag="917" ind1=" " ind2=" ">
            <marc:subfield code="a">issued</marc:subfield>
        </marc:datafield>
        <marc:datafield tag="918" ind1="2" ind2=" ">
            <marc:subfield code="a">John Wiley &amp; Sons, Inc</marc:subfield>
            <marc:subfield code="e">provider</marc:subfield>
            <marc:subfield code="5">DNAL</marc:subfield>
        </marc:datafield>
        <marc:datafield tag="935" ind1=" " ind2=" ">
            <marc:subfield code="a">IND606664836</marc:subfield>
            <marc:subfield code="9">ExL</marc:subfield>
        </marc:datafield>
        <marc:datafield tag="949" ind1=" " ind2=" ">
            <marc:subfield code="a">2020-02-20</marc:subfield>
        </marc:datafield>
        <marc:datafield tag="953" ind1=" " ind2=" ">
            <marc:subfield code="a">/data/metadata/incoming/wiley/00472425_2018_47_4.xml</marc:subfield>
        </marc:datafield>
        <marc:datafield tag="954" ind1=" " ind2=" ">
            <marc:subfield code="a">file:/data/metadata/staging/wiley/00472425_2018_47_4.xml</marc:subfield>
        </marc:datafield>
        <marc:datafield tag="955" ind1=" " ind2=" ">
            <marc:subfield code="a">/data/metadata/staging/wiley/</marc:subfield>
        </marc:datafield>
        <marc:datafield tag="961" ind1=" " ind2=" ">
            <marc:subfield code="a">USDA/ARS</marc:subfield>
        </marc:datafield>
        <marc:datafield tag="974" ind1=" " ind2=" ">
            <marc:subfield code="a">agid:6664836</marc:subfield>
        </marc:datafield>
        <marc:datafield tag="983" ind1=" " ind2=" ">
            <marc:subfield code="a">2022-08-11</marc:subfield>
        </marc:datafield>
        <marc:datafield tag="984" ind1=" " ind2=" ">
            <marc:subfield code="a">2022-08-11</marc:subfield>
        </marc:datafield>
    </marc:record>