
    <marc:record>
        <marc:leader>03764nab a2200673 u 4500</marc:leader>
        <marc:controlfield tag="001">9916285898907426</marc:controlfield>
        <marc:controlfield tag="005">20221118080714.0</marc:controlfield>
        <marc:controlfield tag="008">180514e201511  xx |||||o|||||||||||eng||</marc:controlfield>
        <marc:datafield tag="016" ind1="7" ind2=" ">
            <marc:subfield code="a">IND605944426</marc:subfield>
            <marc:subfield code="2">DNAL</marc:subfield>
        </marc:datafield>
        <marc:datafield tag="024" ind1="7" ind2=" ">
            <marc:subfield code="a">10.25225/fozo.v64.i3.a4.2015</marc:subfield>
            <marc:subfield code="2">doi</marc:subfield>
        </marc:datafield>
        <marc:datafield tag="035" ind1=" " ind2=" ">
            <marc:subfield code="a">agid:5944426-01nal_inst</marc:subfield>
        </marc:datafield>
        <marc:datafield tag="040" ind1=" " ind2=" ">
            <marc:subfield code="a">AGL</marc:subfield>
            <marc:subfield code="b">eng</marc:subfield>
            <marc:subfield code="c">AGL</marc:subfield>
        </marc:datafield>
        <marc:datafield tag="100" ind1="1" ind2=" ">
            <marc:subfield code="a">Galbreath, Kurt E.</marc:subfield>
            <marc:subfield code="e">author</marc:subfield>
            <marc:subfield code="u">Department of Biology, Northern Michigan University, 1401 Presque Isle Ave, Marquette, MI 49855, U.S.A.; e-mail: kgalbrea@nmu.edu</marc:subfield>
        </marc:datafield>
        <marc:datafield tag="245" ind1="1" ind2="0">
            <marc:subfield code="a">Host responses to cycles of climate change shape parasite diversity across North America's Intermountain West</marc:subfield>
        </marc:datafield>
        <marc:datafield tag="300" ind1=" " ind2=" ">
            <marc:subfield code="a">p. 218-232.</marc:subfield>
        </marc:datafield>
        <marc:datafield tag="520" ind1=" " ind2=" ">
            <marc:subfield code="a">Host-parasite cospeciation, in which parasite divergence occurs in response to host divergence, is commonly proposed as a driver of parasite diversification, yet few empirical examples of strict cospeciation exist. Host-parasite co-evolutionary histories commonly reflect complex mosaics of cospeciation, dispersal, lineage extinction and other phenomena. The episodic host-switching model of parasite diversification accounts for complexity by suggesting that diversification and faunal assembly is a consequence of fluctuation between environmental disruption and environmental stability. The phylogeographic predictions of the strict cospeciation and episodic host-switching models were tested using the North American pika/parasite assemblage, with a primary focus on the American pika, Ochotona princeps (Richardson, 1828), and a suite of its endoparasitic cestodes and nematodes. This approach integrating phylogeographic and demographic methods with inferences drawn from species distribution modelling revealed that the parasite community of pikas has been shaped by climate-driven range fluctuation of hosts and bouts of geographic and host colonization by parasites associated with transitions between glacial and interglacial phases.</marc:subfield>
        </marc:datafield>
        <marc:datafield tag="592" ind1=" " ind2=" ">
            <marc:subfield code="a">Publisher supplied data</marc:subfield>
        </marc:datafield>
        <marc:datafield tag="593" ind1=" " ind2=" ">
            <marc:subfield code="a">PubAg article</marc:subfield>
        </marc:datafield>
        <marc:datafield tag="650" ind1=" " ind2="3">
            <marc:subfield code="a">Cestoda</marc:subfield>
        </marc:datafield>
        <marc:datafield tag="650" ind1=" " ind2="3">
            <marc:subfield code="a">Nematoda</marc:subfield>
        </marc:datafield>
        <marc:datafield tag="650" ind1=" " ind2="3">
            <marc:subfield code="a">Ochotona princeps</marc:subfield>
        </marc:datafield>
        <marc:datafield tag="650" ind1=" " ind2="3">
            <marc:subfield code="a">climate change</marc:subfield>
        </marc:datafield>
        <marc:datafield tag="650" ind1=" " ind2="3">
            <marc:subfield code="a">endoparasites</marc:subfield>
        </marc:datafield>
        <marc:datafield tag="650" ind1=" " ind2="3">
            <marc:subfield code="a">extinction</marc:subfield>
        </marc:datafield>
        <marc:datafield tag="650" ind1=" " ind2="3">
            <marc:subfield code="a">fauna</marc:subfield>
        </marc:datafield>
        <marc:datafield tag="650" ind1=" " ind2="3">
            <marc:subfield code="a">hosts</marc:subfield>
        </marc:datafield>
        <marc:datafield tag="650" ind1=" " ind2="3">
            <marc:subfield code="a">models</marc:subfield>
        </marc:datafield>
        <marc:datafield tag="650" ind1=" " ind2="3">
            <marc:subfield code="a">phylogeography</marc:subfield>
        </marc:datafield>
        <marc:datafield tag="650" ind1=" " ind2="3">
            <marc:subfield code="a">prediction</marc:subfield>
        </marc:datafield>
        <marc:datafield tag="651" ind1=" " ind2="3">
            <marc:subfield code="a">Intermountain West region</marc:subfield>
        </marc:datafield>
        <marc:datafield tag="651" ind1=" " ind2="3">
            <marc:subfield code="a">North America</marc:subfield>
        </marc:datafield>
        <marc:datafield tag="653" ind1=" " ind2="0">
            <marc:subfield code="a">comparative phylogeography</marc:subfield>
        </marc:datafield>
        <marc:datafield tag="653" ind1=" " ind2="0">
            <marc:subfield code="a">co-evolution</marc:subfield>
        </marc:datafield>
        <marc:datafield tag="653" ind1=" " ind2="0">
            <marc:subfield code="a">host-switching</marc:subfield>
        </marc:datafield>
        <marc:datafield tag="653" ind1=" " ind2="0">
            <marc:subfield code="a">historical demography</marc:subfield>
        </marc:datafield>
        <marc:datafield tag="653" ind1=" " ind2="0">
            <marc:subfield code="a">Pleistocene</marc:subfield>
        </marc:datafield>
        <marc:datafield tag="700" ind1="1" ind2=" ">
            <marc:subfield code="a">Hoberg, Eric P.</marc:subfield>
            <marc:subfield code="e">author</marc:subfield>
            <marc:subfield code="u">United States National Parasite Collection, ARS USDA, Animal Parasitic Diseases Laboratory, BARC East 1180, Beltsville, MD 20705, U.S.A.; e-mail: eric.hoberg@ars.usda.gov</marc:subfield>
        </marc:datafield>
        <marc:datafield tag="773" ind1="0" ind2=" ">
            <marc:subfield code="t">Folia zoologica.</marc:subfield>
            <marc:subfield code="g">2015 Nov., v. 64, no. 3 p.218-232</marc:subfield>
            <marc:subfield code="d">Institute of Vertebrate Biology, Academy of Sciences of the Czech Republic</marc:subfield>
            <marc:subfield code="w">Journal:14572</marc:subfield>
            <marc:subfield code="x">0139-7893</marc:subfield>
            <marc:subfield code="7">nnas</marc:subfield>
        </marc:datafield>
        <marc:datafield tag="787" ind1="1" ind2=" ">
            <marc:subfield code="o">islandora_article_repository</marc:subfield>
        </marc:datafield>
        <marc:datafield tag="787" ind1="1" ind2=" ">
            <marc:subfield code="o">product_pubag</marc:subfield>
        </marc:datafield>
        <marc:datafield tag="787" ind1="1" ind2=" ">
            <marc:subfield code="o">(Journal)14572</marc:subfield>
        </marc:datafield>
        <marc:datafield tag="856" ind1="4" ind2="0">
            <marc:subfield code="u">http://dx.doi.org/10.25225/fozo.v64.i3.a4.2015</marc:subfield>
            <marc:subfield code="3">Available from publisher's site</marc:subfield>
        </marc:datafield>
        <marc:datafield tag="912" ind1=" " ind2=" ">
            <marc:subfield code="a">Article</marc:subfield>
        </marc:datafield>
        <marc:datafield tag="914" ind1=" " ind2=" ">
            <marc:subfield code="a">Journal:14572</marc:subfield>
            <marc:subfield code="b">0139-7893</marc:subfield>
            <marc:subfield code="c">64</marc:subfield>
            <marc:subfield code="d">3</marc:subfield>
            <marc:subfield code="e">218</marc:subfield>
        </marc:datafield>
        <marc:datafield tag="914" ind1=" " ind2=" ">
            <marc:subfield code="f">Folia zoologica</marc:subfield>
        </marc:datafield>
        <marc:datafield tag="916" ind1=" " ind2=" ">
            <marc:subfield code="a">Batch:2210</marc:subfield>
        </marc:datafield>
        <marc:datafield tag="917" ind1=" " ind2=" ">
            <marc:subfield code="a">issued</marc:subfield>
        </marc:datafield>
        <marc:datafield tag="918" ind1="2" ind2=" ">
            <marc:subfield code="a">BioOne</marc:subfield>
            <marc:subfield code="e">provider</marc:subfield>
            <marc:subfield code="5">DNAL</marc:subfield>
        </marc:datafield>
        <marc:datafield tag="935" ind1=" " ind2=" ">
            <marc:subfield code="a">IND605944426</marc:subfield>
            <marc:subfield code="9">ExL</marc:subfield>
        </marc:datafield>
        <marc:datafield tag="949" ind1=" " ind2=" ">
            <marc:subfield code="a">2019-10-16</marc:subfield>
        </marc:datafield>
        <marc:datafield tag="953" ind1=" " ind2=" ">
            <marc:subfield code="a">/data/metadata/incoming/bioone/FOZOv64i3-01020706-827432.zip</marc:subfield>
        </marc:datafield>
        <marc:datafield tag="954" ind1=" " ind2=" ">
            <marc:subfield code="a">file:/data/metadata/staging/bioone/fozo.v64.i3.a4.2015.xml</marc:subfield>
        </marc:datafield>
        <marc:datafield tag="955" ind1=" " ind2=" ">
            <marc:subfield code="a">/data/metadata/staging/bioone/</marc:subfield>
        </marc:datafield>
        <marc:datafield tag="961" ind1=" " ind2=" ">
            <marc:subfield code="a">USDA/ARS</marc:subfield>
        </marc:datafield>
        <marc:datafield tag="962" ind1=" " ind2=" ">
            <marc:subfield code="a">Batch:2210 reviewed on 2019-06-05T14:00:03Z</marc:subfield>
        </marc:datafield>
        <marc:datafield tag="962" ind1=" " ind2=" ">
            <marc:subfield code="a">Batch:2210 reviewed on 2019-10-16T15:00:03Z</marc:subfield>
        </marc:datafield>
        <marc:datafield tag="974" ind1=" " ind2=" ">
            <marc:subfield code="a">agid:5944426</marc:subfield>
        </marc:datafield>
        <marc:datafield tag="983" ind1=" " ind2=" ">
            <marc:subfield code="a">2018-05-14</marc:subfield>
        </marc:datafield>
        <marc:datafield tag="984" ind1=" " ind2=" ">
            <marc:subfield code="a">2019-10-16</marc:subfield>
        </marc:datafield>
    </marc:record>