
    <marc:record>
        <marc:leader>04944nab a2200601 u 4500</marc:leader>
        <marc:controlfield tag="001">9916294720207426</marc:controlfield>
        <marc:controlfield tag="005">20221118090026.0</marc:controlfield>
        <marc:controlfield tag="008">190416e201606  xx |||||o|||||||||||eng||</marc:controlfield>
        <marc:datafield tag="016" ind1="7" ind2=" ">
            <marc:subfield code="a">IND605248943</marc:subfield>
            <marc:subfield code="2">DNAL</marc:subfield>
        </marc:datafield>
        <marc:datafield tag="024" ind1="7" ind2=" ">
            <marc:subfield code="a">10.1016/j.iswcr.2016.05.002</marc:subfield>
            <marc:subfield code="2">doi</marc:subfield>
        </marc:datafield>
        <marc:datafield tag="035" ind1=" " ind2=" ">
            <marc:subfield code="a">agid:5248943-01nal_inst</marc:subfield>
        </marc:datafield>
        <marc:datafield tag="040" ind1=" " ind2=" ">
            <marc:subfield code="a">AGL</marc:subfield>
            <marc:subfield code="b">eng</marc:subfield>
            <marc:subfield code="c">AGL</marc:subfield>
        </marc:datafield>
        <marc:datafield tag="100" ind1="1" ind2=" ">
            <marc:subfield code="a">Delgado, Jorge A.</marc:subfield>
            <marc:subfield code="e">author</marc:subfield>
            <marc:subfield code="u">Soil Management and Sugar Beet Research Unit, USDA-ARS-SMSBRU, 2150 Centre Ave., Building D, Suite 100, Fort Collins, CO, USA</marc:subfield>
        </marc:datafield>
        <marc:datafield tag="245" ind1="1" ind2="4">
            <marc:subfield code="a">The Nanchang Communication about the potential for implementation of conservation practices for climate change mitigation and adaptation to achieve food security in the 21st century</marc:subfield>
        </marc:datafield>
        <marc:datafield tag="300" ind1=" " ind2=" ">
            <marc:subfield code="a">p. 148-150.</marc:subfield>
        </marc:datafield>
        <marc:datafield tag="520" ind1=" " ind2=" ">
            <marc:subfield code="a">There is a large number of peer-reviewed publications reporting that a changing climate is one of the biggest challenges humanity will have during the 21st century. With population growth and the need to significantly increase agricultural production per unit of area during the 21st century, a changing climate will put additional stress on soil resources. Soil and water conservation will be key for the future of humanity. Professional societies in the area of agriculture and soil and water conservation have recognized the importance that soil resources will have for humanity during this century and have made calls for implementation of worldwide soil and water conservation. For example, in 2010 the Soil and Water Conservation Society (SWCS) invited a group of scientists to review the literature about the potential to use conservation practices for climate change adaptation and mitigation. The Delgado et al. (2011) paper was used by the SWCS to develop and adopt a position statement about the importance of using soil and water conservation practices to mitigate and adapt to climate change. The International Soil Conservation Organization (ISCO) invited the lead author to present the paper as a keynote presentation at the ISCO 2013 conference. The European Society of Soil Conservation (ESSC) published a short communication about this paper in one of their newsletters in 2014. The World Association of Soil and Water Conservation (WASWAC) also invited the lead author to present a keynote presentation on this topic at the 2015 WASWAC annual meeting in Nanchang. This paper (the Nanchang Communication) is a summary of the Delgado et al. (2011) paper that was used by the SWCS to develop the SWCS position statement related to soil and water conservation and climate change. The Nanchang Communication (this paper) was used by WASWAC to develop a position statement about the immediate need for implementation of conservation practices for mitigation of and adaptation to climate change to achieve food security in the 21st century. These papers (Delgado et al., 2011, Nanchang Communication), and the SWCS and WASWAC position statements, support the conclusions from the worldwide literature that without implementation of soil and water conservation practices for climate change mitigation and adaptation, the survival of life, including our own species, will be in jeopardy, since soils will be key to meeting the higher demands for food during the 21st century.</marc:subfield>
        </marc:datafield>
        <marc:datafield tag="592" ind1=" " ind2=" ">
            <marc:subfield code="a">Publisher supplied data</marc:subfield>
        </marc:datafield>
        <marc:datafield tag="593" ind1=" " ind2=" ">
            <marc:subfield code="a">PubAg article</marc:subfield>
        </marc:datafield>
        <marc:datafield tag="650" ind1=" " ind2="3">
            <marc:subfield code="a">climate change</marc:subfield>
        </marc:datafield>
        <marc:datafield tag="650" ind1=" " ind2="3">
            <marc:subfield code="a">conservation practices</marc:subfield>
        </marc:datafield>
        <marc:datafield tag="650" ind1=" " ind2="3">
            <marc:subfield code="a">food security</marc:subfield>
        </marc:datafield>
        <marc:datafield tag="650" ind1=" " ind2="3">
            <marc:subfield code="a">population growth</marc:subfield>
        </marc:datafield>
        <marc:datafield tag="650" ind1=" " ind2="3">
            <marc:subfield code="a">scientists</marc:subfield>
        </marc:datafield>
        <marc:datafield tag="650" ind1=" " ind2="3">
            <marc:subfield code="a">soil</marc:subfield>
        </marc:datafield>
        <marc:datafield tag="650" ind1=" " ind2="3">
            <marc:subfield code="a">soil conservation</marc:subfield>
        </marc:datafield>
        <marc:datafield tag="650" ind1=" " ind2="3">
            <marc:subfield code="a">soil resources</marc:subfield>
        </marc:datafield>
        <marc:datafield tag="650" ind1=" " ind2="3">
            <marc:subfield code="a">water conservation</marc:subfield>
        </marc:datafield>
        <marc:datafield tag="653" ind1=" " ind2="0">
            <marc:subfield code="a">Food security</marc:subfield>
        </marc:datafield>
        <marc:datafield tag="653" ind1=" " ind2="0">
            <marc:subfield code="a">Conservation practice</marc:subfield>
        </marc:datafield>
        <marc:datafield tag="653" ind1=" " ind2="0">
            <marc:subfield code="a">Climate change</marc:subfield>
        </marc:datafield>
        <marc:datafield tag="653" ind1=" " ind2="0">
            <marc:subfield code="a">WASWAC</marc:subfield>
        </marc:datafield>
        <marc:datafield tag="653" ind1=" " ind2="0">
            <marc:subfield code="a">SWCS</marc:subfield>
        </marc:datafield>
        <marc:datafield tag="700" ind1="1" ind2=" ">
            <marc:subfield code="a">Li, Rui</marc:subfield>
            <marc:subfield code="e">author</marc:subfield>
            <marc:subfield code="u">Institute of Soil and Water Conservation, Northwest Scie-technology University of Agriculture and Forestry, Yangling, Shaanxi 712100, PR China</marc:subfield>
        </marc:datafield>
        <marc:datafield tag="773" ind1="0" ind2=" ">
            <marc:subfield code="t">International soil and water conservation research.</marc:subfield>
            <marc:subfield code="g">2016 June, v. 4, no. 2 p.148-150</marc:subfield>
            <marc:subfield code="d">Elsevier B.V.</marc:subfield>
            <marc:subfield code="a">International Research and Training Center on Erosion and Sedimentation and China Water and Power Press</marc:subfield>
            <marc:subfield code="w">Journal:23246</marc:subfield>
            <marc:subfield code="x">2095-6339</marc:subfield>
            <marc:subfield code="7">nnas</marc:subfield>
        </marc:datafield>
        <marc:datafield tag="787" ind1="1" ind2=" ">
            <marc:subfield code="o">islandora_article_repository</marc:subfield>
        </marc:datafield>
        <marc:datafield tag="787" ind1="1" ind2=" ">
            <marc:subfield code="o">product_pubag</marc:subfield>
        </marc:datafield>
        <marc:datafield tag="787" ind1="1" ind2=" ">
            <marc:subfield code="o">(Journal)23246</marc:subfield>
        </marc:datafield>
        <marc:datafield tag="856" ind1="4" ind2="0">
            <marc:subfield code="u">https://dx.doi.org/10.1016/j.iswcr.2016.05.002</marc:subfield>
            <marc:subfield code="3">Available from publisher's site</marc:subfield>
        </marc:datafield>
        <marc:datafield tag="912" ind1=" " ind2=" ">
            <marc:subfield code="a">Article</marc:subfield>
        </marc:datafield>
        <marc:datafield tag="914" ind1=" " ind2=" ">
            <marc:subfield code="a">Journal:23246</marc:subfield>
            <marc:subfield code="b">2095-6339</marc:subfield>
            <marc:subfield code="c">4</marc:subfield>
            <marc:subfield code="e">148</marc:subfield>
        </marc:datafield>
        <marc:datafield tag="914" ind1=" " ind2=" ">
            <marc:subfield code="f">International soil and water conservation research</marc:subfield>
        </marc:datafield>
        <marc:datafield tag="916" ind1=" " ind2=" ">
            <marc:subfield code="a">Batch:1722</marc:subfield>
        </marc:datafield>
        <marc:datafield tag="917" ind1=" " ind2=" ">
            <marc:subfield code="a">issued</marc:subfield>
        </marc:datafield>
        <marc:datafield tag="918" ind1="2" ind2=" ">
            <marc:subfield code="a">Elsevier Consyn</marc:subfield>
            <marc:subfield code="e">provider</marc:subfield>
            <marc:subfield code="5">DNAL</marc:subfield>
        </marc:datafield>
        <marc:datafield tag="935" ind1=" " ind2=" ">
            <marc:subfield code="a">IND605248943</marc:subfield>
            <marc:subfield code="9">ExL</marc:subfield>
        </marc:datafield>
        <marc:datafield tag="949" ind1=" " ind2=" ">
            <marc:subfield code="a">2019-04-16</marc:subfield>
        </marc:datafield>
        <marc:datafield tag="953" ind1=" " ind2=" ">
            <marc:subfield code="a">/data/metadata/incoming/consyn-backfiles/46-2-00112-HEAD-ONLY.zip</marc:subfield>
        </marc:datafield>
        <marc:datafield tag="954" ind1=" " ind2=" ">
            <marc:subfield code="a">file:/data/metadata/staging/consyn-backfiles/S2095633916300557.xml</marc:subfield>
        </marc:datafield>
        <marc:datafield tag="955" ind1=" " ind2=" ">
            <marc:subfield code="a">/data/metadata/staging/consyn-backfiles/</marc:subfield>
        </marc:datafield>
        <marc:datafield tag="961" ind1=" " ind2=" ">
            <marc:subfield code="a">USDA/ARS</marc:subfield>
        </marc:datafield>
        <marc:datafield tag="974" ind1=" " ind2=" ">
            <marc:subfield code="a">agid:5248943</marc:subfield>
        </marc:datafield>
        <marc:datafield tag="983" ind1=" " ind2=" ">
            <marc:subfield code="a">2019-04-16</marc:subfield>
        </marc:datafield>
        <marc:datafield tag="984" ind1=" " ind2=" ">
            <marc:subfield code="a">2019-04-16</marc:subfield>
        </marc:datafield>
    </marc:record>