
    <marc:record>
        <marc:leader>05074nab a2200649 u 4500</marc:leader>
        <marc:controlfield tag="001">9915764380007426</marc:controlfield>
        <marc:controlfield tag="005">20221120163905.0</marc:controlfield>
        <marc:controlfield tag="008">220411e202204  xx |||||o|||||||||||eng||</marc:controlfield>
        <marc:datafield tag="016" ind1="7" ind2=" ">
            <marc:subfield code="a">IND607729424</marc:subfield>
            <marc:subfield code="2">DNAL</marc:subfield>
        </marc:datafield>
        <marc:datafield tag="024" ind1="7" ind2=" ">
            <marc:subfield code="a">10.1007/s10841-022-00384-5</marc:subfield>
            <marc:subfield code="2">doi</marc:subfield>
        </marc:datafield>
        <marc:datafield tag="035" ind1=" " ind2=" ">
            <marc:subfield code="a">agid:7729424-01nal_inst</marc:subfield>
        </marc:datafield>
        <marc:datafield tag="040" ind1=" " ind2=" ">
            <marc:subfield code="a">AGL</marc:subfield>
            <marc:subfield code="b">eng</marc:subfield>
            <marc:subfield code="c">AGL</marc:subfield>
        </marc:datafield>
        <marc:datafield tag="100" ind1="1" ind2=" ">
            <marc:subfield code="a">Morales, Carolina L.</marc:subfield>
            <marc:subfield code="e">author</marc:subfield>
            <marc:subfield code="u">Grupo de Ecología de la Polinización (EcoPol), INIBIOMA (CONICET, Universidad Nacional del Comahue), Quintral 1250, 8400, San Carlos de Bariloche, Rio Negro, Argentina. moralesc@comahue-conicet.gob.ar</marc:subfield>
            <marc:subfield code="1">https://orcid.org/0000-0002-9989-5347</marc:subfield>
        </marc:datafield>
        <marc:datafield tag="245" ind1="1" ind2="0">
            <marc:subfield code="a">Does climate change influence the current and future projected distribution of an endangered species? The case of the southernmost bumblebee in the world</marc:subfield>
        </marc:datafield>
        <marc:datafield tag="300" ind1=" " ind2=" ">
            <marc:subfield code="a">p. 257-269.</marc:subfield>
        </marc:datafield>
        <marc:datafield tag="520" ind1=" " ind2=" ">
            <marc:subfield code="a">INTRODUCTION: Cold-adapted bumblebees are vulnerable to climate change (CC). South American Bombus dahlbomii, the southernmost bumblebee worldwide, has strongly declined since the 1990s and may be particularly susceptible to current and future CC. AIMS/METHODS: We asked (1) whether current CC had a role in the observed decline of this species and (2) how projected CC would affect the future distribution of B. dahlbomii. We used a comprehensive record of occurrences for B. dahlbomii and species distribution models (SDMs) to build maps of (1) predicted current climatic suitability using pre-1990s and post-1990s occurrences, and (2) projected current and future climatic suitability under future (2080–2100) RCP 8.5 scenarios predicted by the 5th IPCC Report. RESULTS AND DISCUSSION: SDMs did not show changes in species climatic suitability pre-1990 vs. post-1990, suggesting no significant role of CC on the observed decline of the species at this time scale. However, a moderate range reduction of 13% and 14% of the ~ 0.041º grid cells was predicted by 2080–2100 under the 70% and 100% consensus models, respectively. IMPLICATIONS FOR INSECT CONSERVATION: Identifying the threats to B. dahlbomii allows for prioritizing conservation efforts. Short-term threats imposed by invasive bumblebees deserve urgent attention. The potential synergies between this threat and CC need to be understood to better predict the fate of this species. Binational cooperation should guarantee connectivity between climatically suitable areas in Argentina and Chile.</marc:subfield>
        </marc:datafield>
        <marc:datafield tag="592" ind1=" " ind2=" ">
            <marc:subfield code="a">Publisher supplied data</marc:subfield>
        </marc:datafield>
        <marc:datafield tag="593" ind1=" " ind2=" ">
            <marc:subfield code="a">PubAg article</marc:subfield>
        </marc:datafield>
        <marc:datafield tag="596" ind1=" " ind2=" ">
            <marc:subfield code="a">NE/S011870/1</marc:subfield>
            <marc:subfield code="c">Newton Fund</marc:subfield>
        </marc:datafield>
        <marc:datafield tag="596" ind1=" " ind2=" ">
            <marc:subfield code="a">NE/S011870/1</marc:subfield>
            <marc:subfield code="c">Newton Fund</marc:subfield>
        </marc:datafield>
        <marc:datafield tag="596" ind1=" " ind2=" ">
            <marc:subfield code="a">NE/S011870/1</marc:subfield>
            <marc:subfield code="c">Newton Fund</marc:subfield>
        </marc:datafield>
        <marc:datafield tag="596" ind1=" " ind2=" ">
            <marc:subfield code="a">304494/2019-4</marc:subfield>
            <marc:subfield code="c">CNpq-Proc</marc:subfield>
        </marc:datafield>
        <marc:datafield tag="596" ind1=" " ind2=" ">
            <marc:subfield code="a">RD 1984/19</marc:subfield>
            <marc:subfield code="c">Consejo Nacional de Investigaciones Científicas y Técnicas</marc:subfield>
        </marc:datafield>
        <marc:datafield tag="596" ind1=" " ind2=" ">
            <marc:subfield code="a">RD 1984/19</marc:subfield>
            <marc:subfield code="c">Consejo Nacional de Investigaciones Científicas y Técnicas</marc:subfield>
        </marc:datafield>
        <marc:datafield tag="596" ind1=" " ind2=" ">
            <marc:subfield code="a">RD 1984/19</marc:subfield>
            <marc:subfield code="c">Consejo Nacional de Investigaciones Científicas y Técnicas</marc:subfield>
        </marc:datafield>
        <marc:datafield tag="650" ind1=" " ind2="3">
            <marc:subfield code="a">Bombus dahlbomii</marc:subfield>
        </marc:datafield>
        <marc:datafield tag="650" ind1=" " ind2="3">
            <marc:subfield code="a">climate change</marc:subfield>
        </marc:datafield>
        <marc:datafield tag="650" ind1=" " ind2="3">
            <marc:subfield code="a">endangered species</marc:subfield>
        </marc:datafield>
        <marc:datafield tag="650" ind1=" " ind2="3">
            <marc:subfield code="a">geographical distribution</marc:subfield>
        </marc:datafield>
        <marc:datafield tag="650" ind1=" " ind2="3">
            <marc:subfield code="a">insects</marc:subfield>
        </marc:datafield>
        <marc:datafield tag="651" ind1=" " ind2="3">
            <marc:subfield code="a">Argentina</marc:subfield>
        </marc:datafield>
        <marc:datafield tag="651" ind1=" " ind2="3">
            <marc:subfield code="a">Chile</marc:subfield>
        </marc:datafield>
        <marc:datafield tag="700" ind1="1" ind2=" ">
            <marc:subfield code="a">Montalva, Jose</marc:subfield>
            <marc:subfield code="e">author</marc:subfield>
            <marc:subfield code="u">Department of Biological and Environmental Sciences, East Central University, Ada, OK, USA</marc:subfield>
        </marc:datafield>
        <marc:datafield tag="700" ind1="1" ind2=" ">
            <marc:subfield code="a">Arbetman, Marina P.</marc:subfield>
            <marc:subfield code="e">author</marc:subfield>
            <marc:subfield code="u">Grupo de Ecología de la Polinización (EcoPol), INIBIOMA (CONICET, Universidad Nacional del Comahue), Quintral 1250, 8400, San Carlos de Bariloche, Rio Negro, Argentina</marc:subfield>
            <marc:subfield code="1">https://orcid.org/0000-0002-8382-2522</marc:subfield>
        </marc:datafield>
        <marc:datafield tag="700" ind1="1" ind2=" ">
            <marc:subfield code="a">Aizen, Marcelo A.</marc:subfield>
            <marc:subfield code="e">author</marc:subfield>
            <marc:subfield code="u">Grupo de Ecología de la Polinización (EcoPol), INIBIOMA (CONICET, Universidad Nacional del Comahue), Quintral 1250, 8400, San Carlos de Bariloche, Rio Negro, Argentina</marc:subfield>
            <marc:subfield code="1">https://orcid.org/0000-0001-9079-9749</marc:subfield>
        </marc:datafield>
        <marc:datafield tag="700" ind1="1" ind2=" ">
            <marc:subfield code="a">Martins, Aline C.</marc:subfield>
            <marc:subfield code="e">author</marc:subfield>
            <marc:subfield code="u">Departamento de Zoologia, Universidade de Brasilia, Campus Darcy Ribeiro, Brasilia, DF, Brazil</marc:subfield>
            <marc:subfield code="1">https://orcid.org/0000-0003-2305-2877</marc:subfield>
        </marc:datafield>
        <marc:datafield tag="700" ind1="1" ind2=" ">
            <marc:subfield code="a">Silva, Daniel Paiva</marc:subfield>
            <marc:subfield code="e">author</marc:subfield>
            <marc:subfield code="u">Departamento de Ciências Biológicas, Instituto Federal Goiano, Rodovia Geraldo Silva Nascimento, KM 2,5, Zona Rural, Urutaí, GO, CEP 75790-000, Brazil</marc:subfield>
            <marc:subfield code="1">https://orcid.org/0000-0002-2457-6245</marc:subfield>
        </marc:datafield>
        <marc:datafield tag="773" ind1="0" ind2=" ">
            <marc:subfield code="t">Journal of insect conservation.</marc:subfield>
            <marc:subfield code="g">2022 Apr., v. 26, no. 2 p.257-269</marc:subfield>
            <marc:subfield code="d">Springer International Publishing</marc:subfield>
            <marc:subfield code="w">Journal:jnl3870062</marc:subfield>
            <marc:subfield code="x">1366-638X</marc:subfield>
            <marc:subfield code="7">nnas</marc:subfield>
        </marc:datafield>
        <marc:datafield tag="787" ind1="1" ind2=" ">
            <marc:subfield code="o">islandora_article_repository</marc:subfield>
        </marc:datafield>
        <marc:datafield tag="787" ind1="1" ind2=" ">
            <marc:subfield code="o">product_pubag</marc:subfield>
        </marc:datafield>
        <marc:datafield tag="787" ind1="1" ind2=" ">
            <marc:subfield code="o">(Journal)jnl3870062</marc:subfield>
        </marc:datafield>
        <marc:datafield tag="856" ind1="4" ind2="0">
            <marc:subfield code="u">https://dx.doi.org/10.1007/s10841-022-00384-5</marc:subfield>
            <marc:subfield code="3">Available from publisher's site</marc:subfield>
        </marc:datafield>
        <marc:datafield tag="912" ind1=" " ind2=" ">
            <marc:subfield code="a">Article</marc:subfield>
        </marc:datafield>
        <marc:datafield tag="914" ind1=" " ind2=" ">
            <marc:subfield code="a">Journal:jnl3870062</marc:subfield>
            <marc:subfield code="b">1366-638X</marc:subfield>
            <marc:subfield code="c">26</marc:subfield>
            <marc:subfield code="d">2</marc:subfield>
            <marc:subfield code="e">257</marc:subfield>
        </marc:datafield>
        <marc:datafield tag="914" ind1=" " ind2=" ">
            <marc:subfield code="f">Journal of insect conservation</marc:subfield>
        </marc:datafield>
        <marc:datafield tag="917" ind1=" " ind2=" ">
            <marc:subfield code="a">issued</marc:subfield>
        </marc:datafield>
        <marc:datafield tag="918" ind1="2" ind2=" ">
            <marc:subfield code="a">Springer</marc:subfield>
            <marc:subfield code="e">provider</marc:subfield>
            <marc:subfield code="5">DNAL</marc:subfield>
        </marc:datafield>
        <marc:datafield tag="935" ind1=" " ind2=" ">
            <marc:subfield code="a">IND607729424</marc:subfield>
            <marc:subfield code="9">ExL</marc:subfield>
        </marc:datafield>
        <marc:datafield tag="949" ind1=" " ind2=" ">
            <marc:subfield code="a">2022-04-11</marc:subfield>
        </marc:datafield>
        <marc:datafield tag="952" ind1=" " ind2=" ">
            <marc:subfield code="d">NAL-AP-2-clean</marc:subfield>
        </marc:datafield>
        <marc:datafield tag="953" ind1=" " ind2=" ">
            <marc:subfield code="a">/data/metadata/incoming/springer/ftp_PUB_22-04-07_05-34-19.zip</marc:subfield>
        </marc:datafield>
        <marc:datafield tag="954" ind1=" " ind2=" ">
            <marc:subfield code="a">file:/data/metadata/staging/springer/10841-26-2.xml</marc:subfield>
        </marc:datafield>
        <marc:datafield tag="955" ind1=" " ind2=" ">
            <marc:subfield code="a">/data/metadata/staging/springer/</marc:subfield>
        </marc:datafield>
        <marc:datafield tag="961" ind1=" " ind2=" ">
            <marc:subfield code="a">USDA</marc:subfield>
        </marc:datafield>
        <marc:datafield tag="974" ind1=" " ind2=" ">
            <marc:subfield code="a">agid:7729424</marc:subfield>
        </marc:datafield>
        <marc:datafield tag="983" ind1=" " ind2=" ">
            <marc:subfield code="a">2022-04-11</marc:subfield>
        </marc:datafield>
        <marc:datafield tag="984" ind1=" " ind2=" ">
            <marc:subfield code="a">2022-04-11</marc:subfield>
        </marc:datafield>
    </marc:record>
</marc:collection>